[gd_scene load_steps=3 format=2]

[ext_resource path="res://fonts/LuckiestGuy.ttf" type="DynamicFontData" id=1]

[sub_resource type="DynamicFont" id=1]
size = 56
extra_spacing_top = 20
extra_spacing_bottom = 10
font_data = ExtResource( 1 )

[node name="Control" type="Control"]
anchor_right = 1.0
anchor_bottom = 1.0
__meta__ = {
"_edit_use_anchors_": false
}

[node name="ScrollContainer" type="ScrollContainer" parent="."]
anchor_right = 1.0
anchor_bottom = 1.0
__meta__ = {
"_edit_use_anchors_": false
}

[node name="VBoxContainer" type="VBoxContainer" parent="ScrollContainer"]
margin_right = 1012.0
margin_bottom = 3488.0
size_flags_horizontal = 3
size_flags_vertical = 3
__meta__ = {
"_edit_use_anchors_": false
}

[node name="Button3" type="Button" parent="ScrollContainer/VBoxContainer"]
margin_right = 1012.0
margin_bottom = 93.0
mouse_filter = 2
custom_fonts/font = SubResource( 1 )
text = "hello"

[node name="Button4" type="Button" parent="ScrollContainer/VBoxContainer"]
margin_top = 97.0
margin_right = 1012.0
margin_bottom = 190.0
mouse_filter = 2
custom_fonts/font = SubResource( 1 )
text = "hello"

[node name="Button5" type="Button" parent="ScrollContainer/VBoxContainer"]
margin_top = 194.0
margin_right = 1012.0
margin_bottom = 287.0
mouse_filter = 2
custom_fonts/font = SubResource( 1 )
text = "hello"

[node name="Button6" type="Button" parent="ScrollContainer/VBoxContainer"]
margin_top = 291.0
margin_right = 1012.0
margin_bottom = 384.0
mouse_filter = 2
custom_fonts/font = SubResource( 1 )
text = "hello"

[node name="Button7" type="Button" parent="ScrollContainer/VBoxContainer"]
margin_top = 388.0
margin_right = 1012.0
margin_bottom = 481.0
mouse_filter = 2
custom_fonts/font = SubResource( 1 )
text = "hello"

[node name="Button8" type="Button" parent="ScrollContainer/VBoxContainer"]
margin_top = 485.0
margin_right = 1012.0
margin_bottom = 578.0
mouse_filter = 2
custom_fonts/font = SubResource( 1 )
text = "hello"

[node name="Button9" type="Button" parent="ScrollContainer/VBoxContainer"]
margin_top = 582.0
margin_right = 1012.0
margin_bottom = 675.0
mouse_filter = 2
custom_fonts/font = SubResource( 1 )
text = "hello"

[node name="Button10" type="Button" parent="ScrollContainer/VBoxContainer"]
margin_top = 679.0
margin_right = 1012.0
margin_bottom = 772.0
mouse_filter = 2
custom_fonts/font = SubResource( 1 )
text = "hello"

[node name="Button11" type="Button" parent="ScrollContainer/VBoxContainer"]
margin_top = 776.0
margin_right = 1012.0
margin_bottom = 869.0
mouse_filter = 2
custom_fonts/font = SubResource( 1 )
text = "hello"

[node name="Button12" type="Button" parent="ScrollContainer/VBoxContainer"]
margin_top = 873.0
margin_right = 1012.0
margin_bottom = 966.0
mouse_filter = 2
custom_fonts/font = SubResource( 1 )
text = "hello"

[node name="Button13" type="Button" parent="ScrollContainer/VBoxContainer"]
margin_top = 970.0
margin_right = 1012.0
margin_bottom = 1063.0
mouse_filter = 2
custom_fonts/font = SubResource( 1 )
text = "hello"

[node name="Button14" type="Button" parent="ScrollContainer/VBoxContainer"]
margin_top = 1067.0
margin_right = 1012.0
margin_bottom = 1160.0
mouse_filter = 2
custom_fonts/font = SubResource( 1 )
text = "hello"

[node name="Button15" type="Button" parent="ScrollContainer/VBoxContainer"]
margin_top = 1164.0
margin_right = 1012.0
margin_bottom = 1257.0
mouse_filter = 2
custom_fonts/font = SubResource( 1 )
text = "hello"

[node name="Button16" type="Button" parent="ScrollContainer/VBoxContainer"]
margin_top = 1261.0
margin_right = 1012.0
margin_bottom = 1354.0
mouse_filter = 2
custom_fonts/font = SubResource( 1 )
text = "hello"

[node name="Button17" type="Button" parent="ScrollContainer/VBoxContainer"]
margin_top = 1358.0
margin_right = 1012.0
margin_bottom = 1451.0
mouse_filter = 2
custom_fonts/font = SubResource( 1 )
text = "hello"

[node name="Button18" type="Button" parent="ScrollContainer/VBoxContainer"]
margin_top = 1455.0
margin_right = 1012.0
margin_bottom = 1548.0
mouse_filter = 2
custom_fonts/font = SubResource( 1 )
text = "hello"

[node name="Button19" type="Button" parent="ScrollContainer/VBoxContainer"]
margin_top = 1552.0
margin_right = 1012.0
margin_bottom = 1645.0
mouse_filter = 2
custom_fonts/font = SubResource( 1 )
text = "hello"

[node name="Button20" type="Button" parent="ScrollContainer/VBoxContainer"]
margin_top = 1649.0
margin_right = 1012.0
margin_bottom = 1742.0
mouse_filter = 2
custom_fonts/font = SubResource( 1 )
text = "hello"

[node name="Button21" type="Button" parent="ScrollContainer/VBoxContainer"]
margin_top = 1746.0
margin_right = 1012.0
margin_bottom = 1839.0
mouse_filter = 2
custom_fonts/font = SubResource( 1 )
text = "hello"

[node name="Button22" type="Button" parent="ScrollContainer/VBoxContainer"]
margin_top = 1843.0
margin_right = 1012.0
margin_bottom = 1936.0
mouse_filter = 2
custom_fonts/font = SubResource( 1 )
text = "hello"

[node name="Button23" type="Button" parent="ScrollContainer/VBoxContainer"]
margin_top = 1940.0
margin_right = 1012.0
margin_bottom = 2033.0
mouse_filter = 2
custom_fonts/font = SubResource( 1 )
text = "hello"

[node name="Button24" type="Button" parent="ScrollContainer/VBoxContainer"]
margin_top = 2037.0
margin_right = 1012.0
margin_bottom = 2130.0
mouse_filter = 2
custom_fonts/font = SubResource( 1 )
text = "hello"

[node name="Button25" type="Button" parent="ScrollContainer/VBoxContainer"]
margin_top = 2134.0
margin_right = 1012.0
margin_bottom = 2227.0
mouse_filter = 2
custom_fonts/font = SubResource( 1 )
text = "hello"

[node name="Button26" type="Button" parent="ScrollContainer/VBoxContainer"]
margin_top = 2231.0
margin_right = 1012.0
margin_bottom = 2324.0
mouse_filter = 2
custom_fonts/font = SubResource( 1 )
text = "hello"

[node name="Button27" type="Button" parent="ScrollContainer/VBoxContainer"]
margin_top = 2328.0
margin_right = 1012.0
margin_bottom = 2421.0
mouse_filter = 2
custom_fonts/font = SubResource( 1 )
text = "hello"

[node name="Button28" type="Button" parent="ScrollContainer/VBoxContainer"]
margin_top = 2425.0
margin_right = 1012.0
margin_bottom = 2518.0
mouse_filter = 2
custom_fonts/font = SubResource( 1 )
text = "hello"

[node name="Button29" type="Button" parent="ScrollContainer/VBoxContainer"]
margin_top = 2522.0
margin_right = 1012.0
margin_bottom = 2615.0
mouse_filter = 2
custom_fonts/font = SubResource( 1 )
text = "hello"

[node name="Button30" type="Button" parent="ScrollContainer/VBoxContainer"]
margin_top = 2619.0
margin_right = 1012.0
margin_bottom = 2712.0
mouse_filter = 2
custom_fonts/font = SubResource( 1 )
text = "hello"

[node name="Button31" type="Button" parent="ScrollContainer/VBoxContainer"]
margin_top = 2716.0
margin_right = 1012.0
margin_bottom = 2809.0
mouse_filter = 2
custom_fonts/font = SubResource( 1 )
text = "hello"

[node name="Button32" type="Button" parent="ScrollContainer/VBoxContainer"]
margin_top = 2813.0
margin_right = 1012.0
margin_bottom = 2906.0
mouse_filter = 2
custom_fonts/font = SubResource( 1 )
text = "hello"

[node name="Button33" type="Button" parent="ScrollContainer/VBoxContainer"]
margin_top = 2910.0
margin_right = 1012.0
margin_bottom = 3003.0
mouse_filter = 2
custom_fonts/font = SubResource( 1 )
text = "hello"

[node name="Button34" type="Button" parent="ScrollContainer/VBoxContainer"]
margin_top = 3007.0
margin_right = 1012.0
margin_bottom = 3100.0
mouse_filter = 2
custom_fonts/font = SubResource( 1 )
text = "hello"

[node name="Button35" type="Button" parent="ScrollContainer/VBoxContainer"]
margin_top = 3104.0
margin_right = 1012.0
margin_bottom = 3197.0
mouse_filter = 2
custom_fonts/font = SubResource( 1 )
text = "hello"

[node name="Button36" type="Button" parent="ScrollContainer/VBoxContainer"]
margin_top = 3201.0
margin_right = 1012.0
margin_bottom = 3294.0
mouse_filter = 2
custom_fonts/font = SubResource( 1 )
text = "hello"

[node name="Button37" type="Button" parent="ScrollContainer/VBoxContainer"]
margin_top = 3298.0
margin_right = 1012.0
margin_bottom = 3391.0
mouse_filter = 2
custom_fonts/font = SubResource( 1 )
text = "hello"

[node name="Button38" type="Button" parent="ScrollContainer/VBoxContainer"]
margin_top = 3395.0
margin_right = 1012.0
margin_bottom = 3488.0
mouse_filter = 2
custom_fonts/font = SubResource( 1 )
text = "hello"
